<?xml version="1.0" encoding="UTF-8"?><collection xmlns="http://www.loc.gov/MARC21/slim"><record><leader>00572nam--2200193-i-4500</leader><controlfield tag="001">000020103</controlfield><controlfield tag="002">20161230</controlfield><controlfield tag="005">20161230201033</controlfield><controlfield tag="008">060222s1000------------r-----000-0-eng-d</controlfield><datafield ind1=" " ind2=" " tag="040"><subfield code="a">IFIN-HH</subfield></datafield><datafield ind1=" " ind2=" " tag="080"><subfield code="a">548.4</subfield></datafield><datafield ind1="1" ind2=" " tag="100"><subfield code="a">Kadic, Aida</subfield></datafield><datafield ind1="1" ind2="0" tag="245"><subfield code="a">Lectures notes in physics. vol. 174. a gauge theory of dislocation and disclinations</subfield><subfield code="c">Aida kadic, dominic g.b. edelen</subfield></datafield><datafield ind1=" " ind2=" " tag="260"><subfield code="a">Berlin</subfield><subfield code="b">Springer-verlag</subfield><subfield code="c">1983</subfield></datafield><datafield ind1=" " ind2=" " tag="300"><subfield code="a">290 P</subfield></datafield><datafield ind1=" " ind2=" " tag="490"><subfield code="a">Lectures Notes In Physics, 174</subfield></datafield><datafield ind1="1" ind2=" " tag="700"><subfield code="a">Edelen, Dominic G.B</subfield></datafield><datafield ind1=" " ind2=" " tag="852"><subfield code="a">33191</subfield><subfield code="c">53</subfield></datafield><datafield ind1=" " ind2=" " tag="CAT"><subfield code="a">Sys</subfield><subfield code="c">20150306</subfield><subfield code="h">085553</subfield></datafield></record></collection>